

@article{belcher87,
    author  = "John W. Belcher",
    title   = "The Jupiter-Io Connection: An Alfven Engine in Space",
    year    = "1987",
    journal = "Science",
    volume  = "238",
    number  = "Oct 9",
    pages   = "170--176"
}


@article{kivelson96,
	author = {M. G. Kivelson and K. K. Khurana and R. J. Walker and C. T. Russell and J. A. Linker and D. J. Southwood and C. Polanskey},
	title = {A Magnetic Signature at Io: Inital Report from the Galileo Magnetometer},
	journal = {Science},
	year = {1996},
	volume = {273},
	month = {July}
}


@article{bose08,
	author = {S. K. Bose and S. Sarkar and A. B. Bhattacharyya},
	title = {Jovian decametric radio emission: An overview of the planetary radio
astronomical observations},
	journal = {Indian Journal of Radio and Space Physics},
	year = {2008},
	volume = {37},
	pages = {77-108},
}



@article{queinnec98,
	author = {J. Queinnec and P. Zarka},
	title = {Io-controlled decameter arcs and Io-Jupiter interaction},
	journal = {Journal of Geophysical Research},
	year = {1998},
	volume = {103},
	number = {A11},
	month = {November},
	pages = {26649-26666}
}



@article{burke55,
author = {F.B. Burke and L. K. Franklin},
title = {Obervations of variable radio source associated with the planet Jupiter},
journal = {Journal of Geophysical Research},
year = {1955},
volume = {60},
number = {213}
}


@article{wilkinson94,
author = {M. Wilkinson and J. Kennewell},
title = {A Project To Detect Radio Emissions From Jupiter},
year = {1994},
journal = {Southern Sky},
url = {http://www.spaceacademy.net.au/spacelab/projects/jovrad/jovrad.htm4},
urldate = {July 1994}
}


@online{ashcraft13,
author = {Thomas Ashcraft},
title = {Jupiter 27 September 2013 N Event},
year = {2013},
url = {http://www.heliotown.com/Jupiter_Sep272013_N_Event.html},
date = {27},
month = {September},
OPTurldate = {06th December 2014},
}


@manual{comreg14,
author = {Comreg},
title = {Overview Comreg - Radio Spectrum},
year = {2014},
organization = {Commission for Communications Regulation},
url = {http://www.comreg.ie/radio_spectrum/overview.496.html},
urldate = {7th December 2014},
}


@manual{comreg-table-frequencies-14,
author = {Comreg},
title = {Frequency Plan for Ireland},
year = {2014},
version = {13/118R},
organization = {Commissions for Communications Regulation},
pages = {21-22},
url = {http://www.comreg.ie/_fileupload/publications/ComReg13118R.pdf},
urldate = {10th December 2014},
}



@manual{nasa12,
author = {NASA},
title = {Antenna Kit and Manual Developed for NASA Radio JOVE Project by The Radio JOVE Project Team},
year = {2012},
version = {1.2},
url = {http://radiojove.gsfc.nasa.gov/telescope/ant_manual.pdf},
urldate = {7th December 2014},
}


@manual{nasa-ionosphere-12,
author = {NASA},
title = {The Effects of Earth's Upper Atmosphere on Radio Signals },
year = {2012},
url = {http://radiojove.gsfc.nasa.gov/education/educ/radio/tran-rec/exerc/iono.htm},
urldate = {11th December 2014},
}


@online{gnuradio-14,
author = {Gnuradio},
title = {Tutorials - GNURadio},
year = {2014},
url = {http://gnuradio.org/redmine/projects/gnuradio/wiki/Tutorials},
urldate = {14th December 2014},
}


@article{imai-08,
   author = {{Imai}, K. and {Garcia}, L. and {Reyes}, F. and {Imai}, M. and 
	{Thieman}, J.~R. and {Ikuta}, M.},
    title = "{A Searchlight Beam Model of Jupiter's Decametric Radio Emissions}",
  journal = {AGU Fall Meeting Abstracts},
 keywords = {2487 Wave propagation (0689, 3285, 4275, 4455, 6934), 2756 Planetary magnetospheres (5443, 5737, 6033), 2772 Plasma waves and instabilities (2471), 6220 Jupiter, 7534 Radio emissions},
     year = 2008,
    month = dec,
    pages = {B1673},
   adsurl = {http://adsabs.harvard.edu/abs/2008AGUFMSM41B1673I},
  adsnote = {Provided by the SAO/NASA Astrophysics Data System}
}


@article{bruce-70,
author = {J. D. Bruce},
title = {Digital Signal Processing Concepts},
journal = {IEEE Transactions on Audio and Electroacoustics},
year = {1970},
volume = {AU-18},
number = {4},
month = {December},
pages = {344-353}
}


@online{lang-10,
author = {K. R. Lang},
title = {Io Flux tube and plasma torus},
year = {2010},
url = {http://ase.tufts.edu/cosmos/view_picture.asp?id=1174},
organization = {Tufts University},
urldate = {17th December 2014},
}


@online{greef-12,
author = {B. Greef},
title = {A Simple Decametric Radio Telescope for Jupiter},
year = {2012},
url = {http://www.ukaranet.org.uk/uk_amateurs/bobgreef/},
organization = {Breckland Astronomical Society},
urldate = {17th December 2014},
}


@article{freidt-13,
author = {J. M. Freidt},
title = {GNURadio as a Digital Signal Processing Environment: Application to Acoustic Wireless Sensor Measurement and Time and Frequency Analysis of Periodic Signals},
journal = {Joint UFFC EFTF and PFM Symposium},
year = {2013},
pages = {278-281},
version = {â€¢}
}


@manual{arrl-00,
author = {ARRL},
title = {ARRL Operating Manual 7th Edition},
year = {2000},
version = {7th Edition},
url = {http://www.arrl.org/shop/ARRL-Operating-Manual-10th-Edition/},
urldate = {17th December 2014}
}

@manual{RSGB-14,
author = {RSGB},
title = {RSGB Radio Communication Handbook},
year = {2014},
version = {12th Edition},
url = {http://www.rsgbshop.org/acatalog/Online_Catalogue_Technical_6.html},
urldate = {17th December 2014},
}


@manual{rjp-14,
author = {Radio-Sky-Publishing},
title = {Radio Jupiter Pro},
year = {2014},
url = {http://www.radiosky.com/rjpro3ishere.html},
urldate = {7th January 2015}
}


@book{octave-09,
    author    = {{Eaton}, J. and {Bateman}, D. and {Hauberg}, S.},
    title     = {{GNU Octave} version 3.0.1 manual: a high-level interactive language for numerical computations},
    publisher = {CreateSpace Independent Publishing Platform},
    year      = {2009},
    note      = {{ISBN} 1441413006},
    url       = {http://www.gnu.org/software/octave/doc/interpreter},
  }


@report{craf-13,
author = {Joe McCauley},
title = {CRAF the ESF Expert Committee on Radio Astronomy Frequencies},
type = {News Letter},
institution = {CRAF},
year = {2013},
subtitle = {Radio astronomy activity in Ireland},
pages = {9-11},
url = {http://www.craf.eu/newsletters/newsletter27_0713.pdf},
urldate = {13th April 2015},
}


@manual{ossmann-15-a,
author = {Michael Ossmann},
title = {Software Defined Radio with HackRF},
year = {2015},
url = {http://greatscottgadgets.com/sdr/},
urldate = {20th April 2015},
}

@manual{ossmann-15-b,
author = {Michael Ossmann},
title = {Software Defined Radio with HackRF},
year = {2015},
note = {Aliasing},
url = {http://greatscottgadgets.com/sdr/9},
urldate = {20th April 2015},
}

@manual{ossmann-15-c,
author = {Michael Ossmann},
title = {Software Defined Radio with HackRF},
year = {2015},
note = {Complex Numbers in DSP},
url = {http://greatscottgadgets.com/sdr/7},
urldate = {20th April 2015},
}

@manual{ossmann-15-d,
	author = {Michael Ossmann},
	title = {Software Defined Radio with HackRF},
	year = {2015},
	note = {HackRF One},
	url = {http://greatscottgadgets.com/hackrf/},
	urldate = {20th April 2015},
}

@manual{kuisma-14,
author = {Mikael Q Kuisma},
title = {I/Q Data for Dummies},
year = {2014},
note = {Complex Numbers in DSP},
url = {http://whiteboard.ping.se/SDR/IQ},
urldate = {20th April 2015},
}

@inbook{smith-03-a,
author = {Steven W. Smith},
title = {Digital Signal Processing A Practical Guide for Engineers and Scientists},
booktitle = {Digital Signal Processing A Practical Guide for Engineers and Scientists},
year = {2003},
publisher = {Newnes},
note = {What is DSP},
isbn = {0-75067444-X},
chapter = {1},
pages = {1-3}
}


@inbook{smith-03-b,
author = {Steven W. Smith},
title = {Digital Signal Processing A Practical Guide for Engineers and Scientists},
booktitle = {Digital Signal Processing A Practical Guide for Engineers and Scientists},
year = {2003},
publisher = {Newnes},
note = {Sampling Theorem},
isbn = {0-75067444-X},
chapter = {3},
pages = {39-44}
}


@online{nichols-15-a,
author = {Steve Nichols},
title = {Partial solar eclipse propagation experiment, March 20th 2015},
year = {2015},
url = {http://www.g0kya.blogspot.ie/2015/02/partial-solar-eclipse-propagation.html},
urldate = {24th April 2015},
}

@online{RSGB-15-b,
author = {Steve Nichols},
title = {Partial solar eclipse propagation experiment, March 20th 2015},
year = {2015},
url = {http://forums.thersgb.org/index.php?threads/partial-solar-eclipse-propagation-experiment-march-20th-2015.125/},
urldate = {24th April 2015},
}

@online{koopman-07,
	author = {Dirk Koopman},
	title = {DXSpider},
	year = {2007},
	url = {http://www.dxcluster.org/main/},
	urldate = {24th April 2015},
}

@online{superkuh-15,
	author = {Superkuh},
	title = {Radio Spectrum},
	year = {2007},
	url = {http://superkuh.com/radio/2014-08-26_17-55_70-1000_25k/},
	urldate = {24th April 2015},
}

@manual{blitzortung-14,
	author = {Wanke, E. and Andersen, R. and Volgnandt, T.},
	title = {A WorldWide Low Cost Community Based Time of Arrival Lightning Detection and Lightning Location Network},
	year = {2014},
	url = {http://www.blitzortung.org/Documents/TOA\_Blitzortung\_RED.pdf},
	urldate = {27th April 2015}
}


@online{MET-15,
	author = {MET},
	title = {Download Historical Climate Data for our Synoptic Stations},
	date = {19th June 2015},
	url = {http://www.met.ie/climate-request/},
	year = {2015},
	urldate = {19th June 2015},
}

@online{ECAD-15,
	author = {ECA\&D},
	title = {European Climate Assessment and Dataset},
	date = {19th June 2015},
	url = {http://eca.knmi.nl/dailydata/customquery.php},
	year = {2015},
	urldate = {19th June 2015},
}

@manual{arrl-11,
	author = {ARRL},
	title = {ARRL Handbook for Radio Communications},
	year = {2011},
	version = {88th Edition},
	url = {http://www.arrl.org/shop/ARRL-Handbook-2015-Hardcover-Edition/},
	urldate = {8th July 2015}
}

@inbook{litva-76,
	author = {Litva, J and Rook, B.J.},
	title = {Beverage Antennas for HF Communications, Direction Finding and Over-the-horizon Radars},
	publisher = {Communications Research Centre},
	year      = {1976},
	url = {http://www.nrcdxas.org/articles/BevAnt0876.pdf},
	urldate = {8th July 2015},
	chapter = {1},
	pages = {1-3}
}


@inbook{bryce-11,
	author = {Michael Bryce},
	title = {Emergency Power for Radio Communications},
	publisher = {ARRL - The national association for amateur radio},
	year = {2011},
	isbn = {978-0-87259-615-3},
	url = {http://www.arrl.org},
	urldate = {14th July 2015},
	chapter = {3},
	pages = {12}
}

@online{eclipse-15,
	author = {timeanddate.com},
	title = {Total Solar Eclipse - Kilkenny, Ireland},
	date = {24th July 2015},
	url = {http://www.timeanddate.com/eclipse/in/ireland/kilkenny?iso=20150320},
	year = {2015},
	urldate = {24th July 2015}
}

@online{pineda-krch-10,
	author = {Mario Pineda-Krch},
	title = {Great-circle distance calculations in R},
	date = {23rd November 2010},
	url = {http://www.r-bloggers.com/great-circle-distance-calculations-in-r/},
	year = {2010},
	urldate = {5th August 2015}
}