

@article{belcher87,
    author  = "John W. Belcher",
    title   = "The Jupiter-Io Connection: An Alfven Engine in Space",
    year    = "1987",
    journal = "Science",
    volume  = "238",
    number  = "Oct 9",
    pages   = "170--176"
}

