@book{goossens93,
    author    = "Michel Goossens and Frank Mittelbach and Alexander Samarin",
    title     = "The LaTeX Companion",
    year      = "1993",
    publisher = "Addison-Wesley",
    address   = "Reading, Massachusetts"
}

@article{Xarticle,
    author    = "article",
    title     = "some article about stuff",
    journal   = "some big important journal",
    volume    = "5",
    number    = "2",
    pages     = "9-83",
    year      = "1988",
    month     = "09",
    note     = "Some note",
}

@article{greenwade93,
    author  = "George D. Greenwade",
    title   = "The {C}omprehensive {T}ex {A}rchive {N}etwork ({CTAN})",
    year    = "1993",
    journal = "TUGBoat",
    volume  = "14",
    number  = "3",
    pages   = "342--351"
}


@book{Xbook,
    author    = "",
    title     = "",
    publisher = "",
    volume   = "",
    number   = "",
    series   = "",
    address  = "",
    edition  = "",
    year      = "XXXX",
    month    = "",
    note     = "",
}


@booklet{Xbooklet,
    author   = "",
    title     = "",
    howpublished   = "",
    address  = "",
    year      = "XXXX",
    month    = "",
    note     = "",
}


@conference{Xconference,
    author    = "",
    title     = "",
    booktitle = "",
    editor   = "",
    volume   = "",
    number   = "",
    series   = "",
    pages    = "",
    address  = "",
    year      = "XXXX",
    month    = "",
    publisher= "",
    note     = "",
}

@manual{Xmanual,
	title= "",
	authors= "",
	organization= "",
	address= "",
	edition= "",
	year= "",
	month= "",
	note= "",
}


@mastersthesis{Xthesis,
    author    = "",
    title     = "",
    school    = "",
    type     = "diploma thesis",
    address  = "",
    year      = "XXXX",
    month    = "",
    note     = "",
}


@misc{Xmisc,
    author    = "",
    title     = "",
    howpublished = "",
    year     = "XXXX",
    month    = "",
    note     = "",
}


@phdthesis{Xphdthesis,
	authors= "",
	title= "",
	school= "",
	address= "",
	year= "",
	month= "",
	keywords= "",
	note= "",
}

@techreport{Xtreport,
    author    = "",
    title     = "",
    institution = "",
    type     = "", 
    number   = "",
    address  = "",
    year      = "XXXX",
    month    = "",
    note     = "",
}
